@book{Cormen,
	 author = {Cormen, Thomas H. and Leiserson, Charles E. and Rivest, Ronald L. and Stein, Clifford},
	 title = {Introduction to algorithms},
	 year = {2009},
	 edition = {3ra},
	 publisher = {MIT Press},
	 address = {Cambridge, MA, USA},
}